@Book{Eaton2002,
  author = {John W Eaton},
  isbn = {0-9541617-2-6},
  publisher = {Network Theory Limited},
  title = {{GNU Octave Manual}},
  url = {http://www.octave.org/},
  year = {2002},
}
@BOOK{eaton:2008,
      author =     "John W. Eaton, David Bateman, and SÃ¸ren Hauberg",
      title =      "GNU Octave Manual Version 3",
      publisher =  "Network Theory Limited",
      year =       2008,
      isbn =       "0-9546120-6-X"
}
@Misc{gnuGPL,
  author = {Free Software Foundation},
  month = {nov},
  title = {{GNU General Public License}},
  url = {http://www.gnu.org/licenses/gpl.html},
  year = {2011},
}
