@Manual{RcppOctave,
  title = {RcppOctave: Seamless Interface to Octave -- and Matlab},
  author = {Renaud Gaujoux},
  year = {2011},
  note = {R package version 0.8.5},
  url = {http://r-forge.r-project.org/projects/rcppoctave/},
}

@Article{Rcpp,
  title = {{Rcpp}: Seamless {R} and {C++} Integration},
  author = {Dirk Eddelbuettel and Romain Fran\c{c}ois},
  journal = {Journal of Statistical Software},
  year = {2011},
  volume = {40},
  number = {8},
  pages = {1--18},
  url = {http://www.jstatsoft.org/v40/i08/},
}

@Manual{knitr,
  title = {knitr: A general-purpose package for dynamic report generation in R},
  author = {Yihui Xie},
  year = {2012},
  note = {R package version 0.6.1},
  url = {http://yihui.name/knitr/},
}
